<record xmlns="http://www.loc.gov/MARC21/slim">
    <leader>01450nam a2200361 i 4500</leader>
    <controlfield tag="001">1002001</controlfield>
    <controlfield tag="005">20250422010101.0</controlfield>
    <controlfield tag="008">040101s2004 bg ||||| |||| 00| 1 ben d</controlfield>

    <datafield tag="010" ind1=" " ind2=" ">
        <subfield code="a">2004301589</subfield>
    </datafield>

    <datafield tag="020" ind1=" " ind2=" ">
        <subfield code="a">9848161667</subfield>
    </datafield>

    <datafield tag="041" ind1="0" ind2=" ">
        <subfield code="a">ben</subfield>
    </datafield>

    <datafield tag="050" ind1=" " ind2=" ">
        <subfield code="a">PK1730.A28</subfield>
        <subfield code="b">J63 2004</subfield>
    </datafield>

    <datafield tag="100" ind1="1" ind2=" ">
        <subfield code="a">Ahmed, Humayun,</subfield>
        <subfield code="e">author.</subfield>
    </datafield>

    <datafield tag="245" ind1="1" ind2="0">
        <subfield code="a">জোছনা ও জননীর গল্প /</subfield>
        <subfield code="c">হুমায়ূন আহমেদ.</subfield>
    </datafield>

    <datafield tag="250" ind1=" " ind2=" ">
        <subfield code="a">প্রথম সংস্করণ.</subfield>
    </datafield>

    <datafield tag="264" ind1=" " ind2="1">
        <subfield code="a">Dhaka :</subfield>
        <subfield code="b">Anyaprokash,</subfield>
        <subfield code="c">2004.</subfield>
    </datafield>

    <datafield tag="300" ind1=" " ind2=" ">
        <subfield code="a">280 p. ;</subfield>
        <subfield code="c">21 cm.</subfield>
    </datafield>

    <datafield tag="650" ind1=" " ind2="0">
        <subfield code="a">Bangladesh</subfield>
        <subfield code="x">History</subfield>
        <subfield code="y">1971</subfield>
        <subfield code="z">Fiction.</subfield>
    </datafield>

    <datafield tag="655" ind1=" " ind2="7">
        <subfield code="a">Historical fiction.</subfield>
        <subfield code="2">lcgft</subfield>
    </datafield>

    <datafield tag="700" ind1="1" ind2=" ">
        <subfield code="a">Ahmed, Humayun.</subfield>
    </datafield>

    <datafield tag="998" ind1=" " ind2=" ">
        <subfield code="a">Cataloged by ChatGPT</subfield>
        <subfield code="b">2025-04-22</subfield>
    </datafield>
</record>